<?xml version="1.0" encoding="UTF-8"?><collection xmlns="http://www.loc.gov/MARC21/slim"><record><leader>00464nam--2200133-i-4500</leader><controlfield tag="001">000033392</controlfield><controlfield tag="002">20161230</controlfield><controlfield tag="005">20161230201039</controlfield><controlfield tag="008">060222s1000------------r-----000-0-eng-d</controlfield><datafield ind1=" " ind2=" " tag="080"><subfield code="a">614.876(043):577.1(043)</subfield></datafield><datafield ind1=" " ind2=" " tag="100"><subfield code="a">Mourret-alberti, Andree</subfield></datafield><datafield ind1=" " ind2=" " tag="245"><subfield code="a">Contribution a l`etude radiobiologique de certains radioprotecteurs chimiues heterocycliques azotes (effet oxygene). these</subfield></datafield><datafield ind1=" " ind2=" " tag="260"><subfield code="a">Grenoble, Universite Scientifique Et Medicale, 1971, 147p</subfield></datafield><datafield ind1=" " ind2=" " tag="852"><subfield code="a">40744</subfield></datafield></record></collection>